@Misc{Statista2016,
   author = {Statista.com},
    YEAR = {2016},
   TITLE = {Number of available applications in the Google Play Store from December 2009 to September 2016},
   URL = {https://www.statista.com/statistics/266210/number-of-available-applications-in-the-google-play-store/},
}


@article{soni2006defect,
  title={Defect prevention: Reducing costs and enhancing quality},
  author={Mukesh Soni },
  journal={iSixSigma. com},
  volume={19},
  year={2006}
}

@INPROCEEDINGS{Torri2010, 
author = {Torri, Lucas and Fachini, Guilherme and Steinfeld, Leonardo and Camara, Vesmar and Carro, Luigi and Cota, {\'{E}}rika and Box, Po and Alegre, Porto},
booktitle={Test Workshop (LATW), 2010 11th Latin American}, 
title={An evaluation of free/open source static analysis tools applied to embedded software}, 
year={2010}, 
pages={1-6}, 

doi={10.1109/LATW.2010.5550368}, 
month={March},}


@Misc{heimdalsecurity2016,
   author = {heimdalsecurity.com},
    YEAR = {2016},
   TITLE = {BEWARE: Cyber Criminals are Having a “Field Day” with Software Vulnerabilities},
   URL {https://heimdalsecurity.com/blog/slow-software-vulnerability-patching/},
}


@MastersThesis{Hofer2010,
    author     =     {Hofer, Thomas},
    title     =     {{Evaluating Static Source Code Analysis Tools}},
    school     =     {School of Computer and Communications Science},
    address     =     { Switzerland},
    year     =     {2010},
    }
    
   
@MastersThesis{Hofer2010,
    author     =     {Hofer, Thomas},
    title     =     {{Evaluating Static Source Code Analysis Tools}},
    school     =     {School of Computer and Communications Science},
    address     =     { Switzerland},
    year     =     {2010},
    }
    
    
@INPROCEEDINGS{Torri2010, 
author = {Torri, Lucas and Fachini, Guilherme and Steinfeld, Leonardo and Camara, Vesmar and Carro, Luigi and Cota, {\'{E}}rika and Box, Po and Alegre, Porto},
booktitle={Test Workshop (LATW), 2010 11th Latin American}, 
title={An evaluation of free/open source static analysis tools applied to embedded software}, 
year={2010}, 
pages={1-6}, 

doi={10.1109/LATW.2010.5550368}, 
month={March},}

@inproceedings{Cifuentes2009,
 author = {Cifuentes, Cristina and Hoermann, Christian and Keynes, Nathan and Li, Lian and Long, Simon and Mealy, Erica and Mounteney, Michael and Scholz, Bernhard},
 title = {BegBunch: Benchmarking for C Bug Detection Tools},
 booktitle = {Proceedings of the 2Nd International Workshop on Defects in Large Software Systems: Held in Conjunction with the ACM SIGSOFT International Symposium on Software Testing and Analysis (ISSTA 2009)},
 series = {DEFECTS '09},
 year = {2009},
 isbn = {978-1-60558-654-0},
 location = {Chicago, Illinois},
 pages = {16--20},
 numpages = {5},
 url = {http://doi.acm.org/10.1145/1555860.1555866},
 doi = {10.1145/1555860.1555866},
 acmid = {1555866},
 publisher = {ACM},
 address = {New York, NY, USA},
 keywords = {accuracy, scalability},
} 

@Misc{frama-clang,

   TITLE = {Frama-clang },
   URL = {http://frama-c.com/frama-clang.html},

}

@article{Brat2014,
author = {Brat, Guillaume and Navas, Jorge A and Shi, Nija and Venet, Arnaud},
pages = {271--277},
title = {{IKOS : A Framework for Static Analysis based on Abstract Interpretation ( Tool Paper )}},
year = {2014}
}
    
    @article{Kratkiewicz2005,
author = {Kratkiewicz, Kendra and Lippmann, Richard},
file = {:Users/bushra/Library/Application Support/Mendeley Desktop/Downloaded/Kratkiewicz, Lippmann - 2005 - Using a Diagnostic Corpus of C Programs to Evaluate Buffer Overflow Detection by Static Analysis Tools.pdf:pdf},
isbn = {0000000000000},
journal = {Workshop on the Evaluation of Software Defect Detection Tools},
keywords = {buffer overflow,detection,evaluation,exploit,false alarm,security,source code,static analysis,test},
mendeley-groups = {Buffer Overflow},
pages = {1--7},
title = {{Using a Diagnostic Corpus of C Programs to Evaluate Buffer Overflow Detection by Static Analysis Tools}},
year = {2005}
}

    
@Misc{frama-c,

   TITLE = {Frama },
   URL = {http://frama-c.com/index.html},

}


@article{Zitser2004,
author = {Zitser, Misha and Lippmann, Richard and Leek, Tim},
doi = {10.1145/1041685.1029911},
file = {:Users/bushra/Library/Application Support/Mendeley Desktop/Downloaded/Zitser, Lippmann, Leek - 2004 - Testing static analysis tools using exploitable buffer overflows from open source code.pdf:pdf},
isbn = {1581138555},
issn = {01635948},
journal = {ACM SIGSOFT Software Engineering Notes},

mendeley-groups = {Static Ananlysis Tool,bib2,Buffer Overflow},
number = {6},
pages = {97},
title = {{Testing static analysis tools using exploitable buffer overflows from open source code}},
url = {http://users.ece.cmu.edu/{~}dawnsong/teaching/reading/mit-benchmark.pdf},
volume = {29},
year = {2004}
}
    @article{Zitser2004,
author = {Zitser, Misha and Lippmann, Richard and Leek, Tim},
doi = {10.1145/1041685.1029911},
file = {:Users/bushra/Library/Application Support/Mendeley Desktop/Downloaded/Zitser, Lippmann, Leek - 2004 - Testing static analysis tools using exploitable buffer overflows from open source code.pdf:pdf},
isbn = {1581138555},
issn = {01635948},
journal = {ACM SIGSOFT Software Engineering Notes},

mendeley-groups = {Static Ananlysis Tool,bib2,Buffer Overflow},
number = {6},
pages = {97},
title = {{Testing static analysis tools using exploitable buffer overflows from open source code}},
url = {http://users.ece.cmu.edu/{~}dawnsong/teaching/reading/mit-benchmark.pdf},
volume = {29},
year = {2004}
}


@article{Cowan2003,
author = {Cowan, Crispin and Wagle, Perry and Pu, Calton and Beattie, Steve and Walpole, Jonathan},
doi = {10.1109/FITS.2003.1264935},
file = {:Users/bushra/Downloads/cowan-vulnerability.pdf:pdf},
isbn = {076952057X},
journal = {Foundations of Intrusion Tolerant Systems, OASIS 2003},
keywords = {Buffer overflow,Buffer storage,Computer science,Contracts,Information security,Libraries,Logic,Payloads,Registers},
mendeley-groups = {Buffer Overflow},
pages = {227--237},
title = {{Buffer overflows: Attacks and defenses for the vulnerability of the decade}},
year = {2003}
}


@Misc{mcafee2014,
   author = {mcafee},
    YEAR = {2014},
   TITLE = {Net Losses: Estimating the Global Cost of Cybercrime Economic impact of cybercrime},
   URL = {https://www.mcafee.com/fr/resources/reports/rp-economic-impact-cybercrime2.pdf},
}


@Misc{securitynewsdesk2017,
   author = {securitynewsdesk},
    YEAR = {2017},
   TITLE = {Security industry experts share their cyber security predictions for 2017},
   URL = {http://www.securitynewsdesk.com/security-industry-experts-share-their-cyber-security-predictions-for-2017/},
}




@article{soni2006defect,
  title={Defect prevention: Reducing costs and enhancing quality},
  author={Mukesh Soni },
  journal={iSixSigma. com},
  volume={19},
  year={2006}
}

 
 

@Misc{nsa2011,
   author = {National Security Agency Center for Assured Software},
    YEAR = {2011},
   TITLE = {On Analyzing Static Analysis Tools},
   URL = {https://media.blackhat.com/bh-us-11/Willis/BH\_US\_11\_WillisBritton\_Analyzing\_Static\_Analysis\_Tools\_WP.pdf},
}

@Misc{Reporeapers2016,
   author = { Nagappan , Meiyappan and Munaiah , Nuthan   and  Cabrey  ,Craig and 
 Kroh , Steven and  Parikh , Nimish },
    YEAR = {2016},
   TITLE = {Reporeapers},
   URL = {https://reporeapers.github.io/results/1.html},
}

@Misc{datamash,
   author = { Free Software Foundation },
   TITLE = {datamash},
   URL = {   https://www.gnu.org/software/datamash/},
}
   
 


   



